
@article{gordy2010nested,
  title={Nested simulation in portfolio risk measurement},
  author={Gordy, Michael B and Juneja, Sandeep},
  journal={Management Science},
  volume={56},
  number={10},
  pages={1833--1848},
  year={2010},
  publisher={INFORMS}
}

@article{broadie2015risk,
  title={Risk estimation via regression},
  author={Broadie, Mark and Du, Yiping and Moallemi, Ciamac C},
  journal={Operations Research},
  volume={63},
  number={5},
  pages={1077--1097},
  year={2015},
  publisher={INFORMS}
}
@article{hong2017kernel,
  title={Kernel smoothing for nested estimation with application to portfolio risk measurement},
  author={Hong, Jeff L and Juneja, Sandeep and Liu, Guangwu},
  journal={Operations Research},
  volume={65},
  number={3},
  pages={657--673},
  year={2017},
  publisher={INFORMS}
}

@article{feng2020optimal,
  title={Optimal nested simulation experiment design via likelihood ratio method},
  author={Feng, Mingbin and Song, Eunhye},
  journal={arXiv preprint arXiv:2008.13087},
  year={2020}
}

@article{zhang2021bootstrap,
  title={Bootstrap-based budget allocation for nested simulation},
  author={Zhang, Kun and Liu, Guangwu and Wang, Shiyu},
  journal={Operations Research},
  year={2021},
  publisher={INFORMS}
}

@article{zhang2022sample,
  title={Sample recycling for nested simulation with application in portfolio risk measurement},
  author={Zhang, Kun and Feng, Mingbin and Liu, Guangwu and Wang, Shiyu},
  journal={arXiv preprint arXiv:2203.15929},
  year={2022}
}

@article{wang2022smooth,
  title={Smooth nested simulation: bridging cubic and square root convergence rates in high dimensions},
  author={Wang, Wenjia and Wang, Yanyuan and Zhang, Xiaowei},
  journal={arXiv preprint arXiv:2201.02958},
  year={2022}
}


@inproceedings{sutskever2014sequence,
	author = {Sutskever, Ilya and Vinyals, Oriol and Le, Quoc V},
	booktitle = {Advances in Neural Information Processing Systems},
	editor = {Z. Ghahramani and M. Welling and C. Cortes and N. Lawrence and K.Q. Weinberger},
	publisher = {Curran Associates, Inc.},
	title = {Sequence to Sequence Learning with Neural Networks},
	url = {https://proceedings.neurips.cc/paper\_files/paper/2014/file/a14ac55a4f27472c5d894ec1c3c743d2-Paper.pdf},
	volume = {27},
	year = {2014}}


@article{hochreiter1997long,
  title={Long Short-Term Memory},
  author={Hochreiter, Sepp and Schmidhuber, J{\"u}rgen},
  journal={Neural Computation},
  volume={9},
  number={8},
  pages={1735--1780},
  year={1997},
  publisher={MIT Press}
}

@article{chung2014empirical,
    title = "Empirical Evaluation of Gated Recurrent Neural Networks on Sequence Modeling",
    author = "Chung, Junyoung and Gulcehre, Caglar and Cho, Kyunghyun and Bengio, Yoshua",
    journal = "arXiv preprint arXiv:1412.3555",
    year = "2014",
    language = "English (US)",
    note = {\url{https://arxiv.org/abs/1412.3555}. Accessed 7$^{\textrm{th}}$ Sep 2023.}
}

@phdthesis{dang2021efficient,
  author = {Dang, Ou},
  title = {Efficient Nested Simulation of Tail Risk Measures for Variable Annuities},
  school = {Department of Statistics and Actuarial Science, University of Waterloo},
  year = {2021},
  type = {{Ph.D.} Thesis},
  address = {Waterloo, ON, Canada},
  note = {\url{https://uwspace.uwaterloo.ca/handle/10012/17084}}
}


% Regime-Switching Model
@article{hardy2001regime,
  title={A Regime-Switching Model of Long-Term Stock Returns},
  author={Hardy, Mary R},
  journal={North American Actuarial Journal},
  volume={5},
  number={2},
  pages={41--53},
  year={2001},
  publisher={Taylor \& Francis}
}

% VA contracts general
@book{hardy2003investment,
  title={Investment Guarantees: Modeling and Risk Management for Equity-Linked Life Insurance},
  author={Hardy, Mary R},
  volume={168},
  year={2003},
  publisher={John Wiley \& Sons}
}

@article{yosinski2014transferable,
  title={How transferable are features in deep neural networks?},
  author={Yosinski, Jason and Clune, Jeff and Bengio, Yoshua and Lipson, Hod},
  journal={Advances in neural information processing systems},
  volume={27},
  year={2014}
}
