@article{galton1886regression,
  title={Regression towards mediocrity in hereditary stature.},
  author={Galton, Francis},
  journal={The Journal of the Anthropological Institute of Great Britain and Ireland},
  volume={15},
  pages={246--263},
  year={1886},
  publisher={JSTOR}
}

@book{bishop2006pattern,
  title={Pattern recognition and machine learning},
  author={Bishop, Christopher M and Nasrabadi, Nasser M},
  volume={4},
  number={4},
  year={2006},
  publisher={Springer}
}

@book{seber2012linear,
  title={Linear regression analysis},
  author={Seber, George AF and Lee, Alan J},
  year={2012},
  publisher={John Wiley \& Sons}
}

@book{szeg1939orthogonal,
  title={Orthogonal polynomials},
  author={Szeg, Gabor},
  volume={23},
  year={1939},
  publisher={American Mathematical Soc.}
}

@article{bellman1966dynamic,
  title={Dynamic programming},
  author={Bellman, Richard},
  journal={science},
  volume={153},
  number={3731},
  pages={34--37},
  year={1966},
  publisher={American Association for the Advancement of Science}
}
