@book{hastie2009elements,
  title={The Elements of Statistical Learning: Data Mining, Inference, and Prediction},
  author={Hastie, Trevor and Tibshirani, Robert and Friedman, Jerome H},
  volume={2},
  year={2009},
  publisher={Springer}
}

@article{lecun2015deep,
  title={Deep Learning},
  author={LeCun, Yann and Bengio, Yoshua and Hinton, Geoffrey E},
  journal={Nature},
  volume={521},
  number={7553},
  pages={436--444},
  year={2015},
  publisher={Nature Publishing Group UK London}
}

@article{mcculloch1943logical,
  title={A Logical Calculus of the Ideas Immanent in Nervous Activity},
  author={McCulloch, Warren S and Pitts, Walter},
  journal={The Bulletin of Mathematical Biophysics},
  volume={5},
  pages={115--133},
  year={1943},
  publisher={Springer}
}

@article{rosenblatt1958perceptron,
  title={The Perceptron: A Probabilistic Model for Information Storage and Organization in the Brain},
  author={Rosenblatt, Frank},
  journal={Psychological Review},
  volume={65},
  number={6},
  pages={386},
  year={1958},
  publisher={American Psychological Association}
}

@techreport{rumelhart1985learning,
  title={Learning Internal Representations by Error Propagation},
  author={Rumelhart, David E and Hinton, Geoffrey E and Williams, Ronald J},
  year={1985},
  institution={California University San Diego La Jolla Institute for Cognitive Science}
}

@article{lecun1998gradient,
  title={Gradient-Based Learning Applied to Document Recognition},
  author={LeCun, Yann and Bottou, L{\'e}on and Bengio, Yoshua and Haffner, Patrick},
  journal={Proceedings of the IEEE},
  volume={86},
  number={11},
  pages={2278--2324},
  year={1998},
  publisher={Institute of Electrical and Electronics Engineers}
}

@article{krizhevsky2017imagenet,
  title={Imagenet Classification with Deep Convolutional Neural Networks},
  author={Krizhevsky, Alex and Sutskever, Ilya and Hinton, Geoffrey E},
  journal={Communications of the ACM},
  volume={60},
  number={6},
  pages={84--90},
  year={2017},
  publisher={The Association for Computing Machinery}
}

@article{williams1989learning,
  title={A Learning Algorithm for Continually Running Fully Recurrent Neural Networks},
  author={Williams, Ronald J and Zipser, David},
  journal={Neural Computation},
  volume={1},
  number={2},
  pages={270--280},
  year={1989},
  publisher={MIT Press}
}

@inproceedings{sutskever2014sequence,
	author = {Sutskever, Ilya and Vinyals, Oriol and Le, Quoc V},
	booktitle = {Advances in Neural Information Processing Systems},
	editor = {Z. Ghahramani and M. Welling and C. Cortes and N. Lawrence and K.Q. Weinberger},
	publisher = {Curran Associates, Inc.},
	title = {Sequence to Sequence Learning with Neural Networks},
	url = {https://proceedings.neurips.cc/paper\_files/paper/2014/file/a14ac55a4f27472c5d894ec1c3c743d2-Paper.pdf},
	volume = {27},
	year = {2014}}


@article{hochreiter1997long,
  title={Long Short-Term Memory},
  author={Hochreiter, Sepp and Schmidhuber, J{\"u}rgen},
  journal={Neural Computation},
  volume={9},
  number={8},
  pages={1735--1780},
  year={1997},
  publisher={MIT Press}
}

@article{chung2014empirical,
    title = "Empirical Evaluation of Gated Recurrent Neural Networks on Sequence Modeling",
    author = "Chung, Junyoung and Gulcehre, Caglar and Cho, Kyunghyun and Bengio, Yoshua",
    journal = "arXiv preprint arXiv:1412.3555",
    year = "2014",
    language = "English (US)",
    note = {\url{https://arxiv.org/abs/1412.3555}. Accessed 7$^{\textrm{th}}$ Sep 2023.}
}

@article{luo2016understanding,
  title={Understanding the Effective Receptive Field in Deep Convolutional Neural Networks},
  author={Luo, Wenjie and Li, Yujia and Urtasun, Raquel and Zemel, Richard},
  journal={Advances in Neural Information Processing Systems},
  volume={29},
  year={2016}
}

@article{srivastava2014dropout,
  title={Dropout: A Simple Way to Prevent Neural Networks from Overfitting},
  author={Srivastava, Nitish and Hinton, Geoffrey and Krizhevsky, Alex and Sutskever, Ilya and Salakhutdinov, Ruslan},
  journal={The Journal of Machine Learning Research},
  volume={15},
  number={1},
  pages={1929--1958},
  year={2014},
  publisher={JMLR.org}
}

@article{poole2014analyzing,
  title={Analyzing Noise in Autoencoders and Deep Networks},
  author={Poole, Ben and Sohl-Dickstein, Jascha and Ganguli, Surya},
  journal={arXiv preprint arXiv:1406.1831},
  year={2014},
  note = {\url{https://arxiv.org/abs/1406.1831}. Accessed 1$^{\textrm{st}}$ Jan 2024.}
}

@article{neelakantan2015adding,
  title={Adding Gradient Noise Improves Learning for Very Deep Networks},
  author={Neelakantan, Arvind and Vilnis, Luke and Le, Quoc V and Sutskever, Ilya and Kaiser, Lukasz and Kurach, Karol and Martens, James},
  journal={arXiv preprint arXiv:1511.06807},
  year={2015},
  note = {\url{https://arxiv.org/abs/1511.06807}. Accessed 1$^{\textrm{st}}$ Jan 2024.}
}

@article{szegedy2013intriguing,
  title={Intriguing Properties of Neural Networks},
  author={Szegedy, Christian and Zaremba, Wojciech and Sutskever, Ilya and Bruna, Joan and Erhan, Dumitru and Goodfellow, Ian and Fergus, Rob},
  journal={arXiv preprint arXiv:1312.6199},
  year={2013},
  note = {\url{https://arxiv.org/abs/1312.6199}. Accessed 1$^{\textrm{st}}$ Jan 2024.}
}

@article{goodfellow2014explaining,
  title={Explaining and Harnessing Adversarial Examples},
  author={Goodfellow, Ian J and Shlens, Jonathon and Szegedy, Christian},
  journal={arXiv preprint arXiv:1412.6572},
  year={2014},
  note = {\url{https://arxiv.org/abs/1412.6572}. Accessed 1$^{\textrm{st}}$ Jan 2024.}
}

@inproceedings{carlini2017towards,
  title={Towards Evaluating the Robustness of Neural Networks},
  author={Carlini, Nicholas and Wagner, David},
  booktitle={2017 ieee symposium on security and privacy (sp)},
  pages={39--57},
  year={2017},
  organization={Ieee}
}

@inproceedings{jiang2020beyond,
  title={Beyond Synthetic Noise: Deep Learning on Controlled Noisy Labels},
  author={Jiang, Lu and Huang, Di and Liu, Mason and Yang, Weilong},
  booktitle={International conference on machine learning},
  pages={4804--4815},
  year={2020},
  organization={PMLR}
}

@article{silver2016mastering,
  title={Mastering the Game of Go with Deep Neural Networks and Tree Search},
  author={Silver, David and Huang, Aja and Maddison, Chris J and Guez, Arthur and Sifre, Laurent and Van Den Driessche, George and Schrittwieser, Julian and Antonoglou, Ioannis and Panneershelvam, Veda and Lanctot, Marc and others},
  journal={Nature},
  volume={529},
  number={7587},
  pages={484--489},
  year={2016},
  publisher={Nature Publishing Group}
}

@MISC{chatgpt,
  author = {OpenAI},
  title = {ChatGPT},
  year = {2023},
  note = {\url{https://chat.openai.com/chat}. Accessed 7$^{\textrm{th}}$ Sep 2023.}
}

@article{dang2020efficient,
  title={Efficient Nested Simulation for Conditional Tail Expectation of Variable Annuities},
  author={Dang, Ou and Feng, Mingbin and Hardy, Mary R},
  journal={North American Actuarial Journal},
  volume={24},
  number={2},
  pages={187--210},
  year={2020},
  publisher={Taylor \& Francis}
}

@phdthesis{dang2021efficient,
  author = {Dang, Ou},
  title = {Efficient Nested Simulation of Tail Risk Measures for Variable Annuities},
  school = {Department of Statistics and Actuarial Science, University of Waterloo},
  year = {2021},
  type = {{Ph.D.} Thesis},
  address = {Waterloo, ON, Canada},
  note = {\url{https://uwspace.uwaterloo.ca/handle/10012/17084}}
}

@article{dang2023two,
  title={Two-Stage Nested Simulation of Tail Risk Measurement: A Likelihood Ratio Approach},
  author={Dang, Ou and Feng, Mingbin and Hardy, Mary R},
  journal={Insurance: Mathematics and Economics},
  volume={108},
  pages={1--24},
  year={2023},
  publisher={Elsevier}
}

@article{dang2022dynamic,
  title={Dynamic Importance Allocated Nested Simulation for Variable Annuity Risk Measurement},
  author={Dang, Ou and Feng, Mingbin and Hardy, Mary R},
  journal={Annals of Actuarial Science},
  volume={16},
  number={2},
  pages={319--348},
  year={2022},
  publisher={Cambridge University Press}
}

% Regime-Switching Model
@article{hardy2001regime,
  title={A Regime-Switching Model of Long-Term Stock Returns},
  author={Hardy, Mary R},
  journal={North American Actuarial Journal},
  volume={5},
  number={2},
  pages={41--53},
  year={2001},
  publisher={Taylor \& Francis}
}

% VA contracts general
@book{hardy2003investment,
  title={Investment Guarantees: Modeling and Risk Management for Equity-Linked Life Insurance},
  author={Hardy, Mary R},
  volume={168},
  year={2003},
  publisher={John Wiley \& Sons}
}

@article{feng2022variable,
  title={Variable Annuity Pricing, Valuation, and Risk Management: A Survey},
  author={Feng, Runhuan and Gan, Guojun and Zhang, Ning},
  journal={Scandinavian Actuarial Journal},
  volume={2022},
  number={10},
  pages={867--900},
  year={2022},
  publisher={Taylor \& Francis}
}

@article{boyle1977equilibrium,
  title={Equilibrium Prices of Guarantees under Equity-Linked Contracts},
  author={Boyle, Phelim P and Schwartz, Eduardo S},
  journal={Journal of Risk and Insurance},  
  volume={44},
  number={4},
  pages={639--660},
  year={1977},
  publisher={JSTOR}
}

@article{boyle1997reserving,
  title={Reserving for Maturity Guarantees: Two Approaches},
  author={Boyle, Phelim P and Hardy, Mary R},
  journal={Insurance: Mathematics and Economics},
  volume={21},
  number={2},
  pages={113--127},
  year={1997},
  publisher={Elsevier}
}

@article{boyle2003guaranteed,
  title={Guaranteed Annuity Options},
  author={Boyle, Phelim and Hardy, Mary},
  journal={ASTIN Bulletin: The Journal of the IAA},
  volume={33},
  number={2},
  pages={125--152},
  year={2003},
  publisher={Cambridge University Press}
}

@article{bauer2008universal,
  title={A Universal Pricing Framework for Guaranteed Minimum Benefits in Variable Annuities},
  author={Bauer, Daniel and Kling, Alexander and Russ, Jochen},
  journal={ASTIN Bulletin: The Journal of the IAA},
  volume={38},
  number={2},
  pages={621--651},
  year={2008},
  publisher={Cambridge University Press}
}

@article{marshall2010valuation,
  title={Valuation of a Guaranteed Minimum Income Benefit},
  author={Marshall, Claymore and Hardy, Mary and Saunders, David},
  journal={North American Actuarial Journal},
  volume={14},
  number={1},
  pages={38--58},
  year={2010},
  publisher={Taylor \& Francis}
}

@article{piscopo2011valuation,
  title={The Valuation of Guaranteed Lifelong Withdrawal Benefit Options in Variable Annuity Contracts and the Impact of Mortality Risk},
  author={Piscopo, Gabriella and Haberman, Steven},
  journal={North American Actuarial Journal},
  volume={15},
  number={1},
  pages={59--76},
  year={2011},
  publisher={Taylor \& Francis}
}

@article{bauer2012calculation,
  title={On the Calculation of the Solvency Capital Requirement Based on Nested Simulations},
  author={Bauer, Daniel and Reuss, Andreas and Singer, Daniela},
  journal={ASTIN Bulletin: The Journal of the IAA},
  volume={42},
  number={2},
  pages={453--499},
  year={2012},
  publisher={Cambridge University Press}
}

@article{lin2020fast,
  title={Fast and Efficient Nested Simulation for Large Variable Annuity Portfolios: A Surrogate Modeling Approach},
  author={Lin, X Sheldon and Yang, Shuai},
  journal={Insurance: Mathematics and Economics},
  volume={91},
  pages={85--103},
  year={2020},
  publisher={Elsevier}
}

@article{feng2017analytical,
  title={Analytical Valuation and Hedging of Variable Annuity Guaranteed Lifetime Withdrawal Benefits},
  author={Feng, Runhuan and Jing, Xiaochen},
  journal={Insurance: Mathematics and Economics},
  volume={72},
  pages={36--48},
  year={2017},
  publisher={Elsevier}
}

@article{lin2020efficient,
  title={Efficient Dynamic Hedging for Large Variable Annuity Portfolios With Multiple Underlying Assets},
  author={Lin, X Sheldon and Yang, Shuai},
  journal={ASTIN Bulletin: The Journal of the IAA},
  volume={50},
  number={3},
  pages={913--957},
  year={2020},
  publisher={Cambridge University Press}
}
@article{longstaff2001valuing,
  title={Valuing American Options by Simulation: A Simple Least-Squares Approach},
  author={Longstaff, Francis A and Schwartz, Eduardo S},
  journal={The Review of Financial Studies},
  volume={14},
  number={1},
  pages={113--147},
  year={2001},
  publisher={Oxford University Press}
}
@article{liu2010stochastic,
  title={Stochastic Kriging for Efficient Nested Simulation of Expected Shortfall},
  author={Liu, Ming and Staum, Jeremy},
  journal={Journal of Risk},
  volume={12},
  number={3},
  pages={3},
  year={2010},
  publisher={Citeseer}
}

@article{hardy2006introduction,
  title={An Introduction to Risk Measures for Actuarial Applications},
  author={Hardy, Mary R},
  journal={SOA Syllabus Study Note},
  volume={19},
  pages={9--14},
  year={2006}
}


@MANUAL{naic2021,
  title = {Valuation Manual},
  author = {NAIC},
  organization = {National Association of Insurance Commissioners},
  address = {Washington, DC},
  edition = {Jan. 1},
  note = {\url{https://content.naic.org}},
  year = {2021}
}

@article{hong2014monte,
  title={Monte Carlo Methods for Value-At-Risk and Conditional Value-At-Risk: A Review},
  author={Hong, Jeff L and Hu, Zhaolin and Liu, Guangwu},
  journal={ACM Transactions on Modeling and Computer Simulation (TOMACS)},
  volume={24},
  number={4},
  pages={1--37},
  year={2014},
  publisher={Association for Computing Machinery}
}

@article{gan2013application,
  title={Application of Data Clustering and Machine Learning in Variable Annuity Valuation},
  author={Gan, Guojun},
  journal={Insurance: Mathematics and Economics},
  volume={53},
  number={3},
  pages={795--801},
  year={2013},
  publisher={Elsevier}
}

@article{gan2015valuation,
  title={Valuation of Large Variable Annuity Portfolios under Nested Simulation: A Functional Data Approach},
  author={Gan, Guojun and Lin, Sheldon X},
  journal={Insurance: Mathematics and Economics},
  volume={62},
  pages={138--150},
  year={2015},
  publisher={Elsevier}
}

@article{salle2014efficient,
  title={Efficient Eampling and Meta-Modeling for Computational Economic Models},
  author={Salle, Isabelle and Y{\i}ld{\i}zo{\u{g}}lu, Murat},
  journal={Computational Economics},
  volume={44},
  pages={507--536},
  year={2014},
  publisher={Springer}
}

@article{torres2017fault,
  title={Fault and Error Tolerance in Neural Networks: A Review},
  author={Torres-Huitzil, Cesar and Girau, Bernard},
  journal={IEEE Access},
  volume={5},
  pages={17322--17341},
  year={2017},
  publisher={Institute of Electrical and Electronics Engineers}
}



@article{rockafellar2002conditional,
  title={Conditional Value-At-Risk for General Loss Distributions},
  author={Rockafellar, R Tyrrell and Uryasev, Stanislav},
  journal={Journal of Banking \& Finance},
  volume={26},
  number={7},
  pages={1443--1471},
  year={2002},
  publisher={Elsevier}
}

@article{wirch1999synthesis,
  title={A Synthesis of Risk Measures for Capital Adequacy},
  author={Wirch, Julia Lynn and Hardy, Mary R},
  journal={Insurance: Mathematics and Economics},
  volume={25},
  number={3},
  pages={337--347},
  year={1999},
  publisher={Elsevier}
}

@article{artzner1999coherent,
  title={Coherent Measures of Risk},
  author={Artzner, Philippe and Delbaen, Freddy and Eber, Jean-Marc and Heath, David},
  journal={Mathematical Finance},
  volume={9},
  number={3},
  pages={203--228},
  year={1999},
  publisher={Wiley Online Library}
}

@techreport{eiopa2014underlying,
  author      = "EIOPA",
  title       = "The Underlying Assumptions in the Standard Formula for the Solvency Capital Requirement Calculation",
  institution = "The European Insurance and Occupational Pensions Authority",
  year        = "2014"
}

@techreport{osfi2017life,
  author      = "OSFI",
  title       = "Life Insurance Capital Adequacy Test",
  institution = "Office of the Superintendent of Financial Institutes Canada",
  year        = "2017"
}


@article{cathcart2015calculating,
  title={Calculating Variable Annuity Liability “Greeks” Using Monte Carlo Simulation},
  author={Cathcart, Mark J and Lok, Hsiao Yen and McNeil, Alexander J and Morrison, Steven},
  journal={ASTIN Bulletin: The Journal of the IAA},
  volume={45},
  number={2},
  pages={239--266},
  year={2015},
  publisher={Cambridge University Press}
}


% Problematic citations

@inproceedings{bauer2015least,
  title={A Least-Squares Monte Carlo Approach to the Calculation of Capital Requirements},
  author={Ha, Hongjun and Bauer, Daniel},
  booktitle={World Risk and Insurance Economics Congress},
  volume={6},
  pages={2--6},
  year={2015},
  note={\url{https://danielbaueracademic.files.wordpress.com/2013/11/bauerha\_2015.pdf}. Accessed 7$^{\textrm{th}}$ Sep 2023.}
}

@article{marukame2016error,
  title={Error Tolerance Analysis of Deep Learning Hardware Using a Restricted Boltzmann Machine toward Low-Power Memory Implementation},
  author={Marukame, Takao and Ueyoshi, Kodai and Asai, Tetsuya and Motomura, Masato and Schmid, Alexandre and Suzuki, Masamichi and Higashi, Yusuke and Mitani, Yuichiro},
  journal={IEEE Transactions on Circuits and Systems II: Express Briefs},
  volume={64},
  number={4},
  pages={462--466},
  year={2016},
  publisher={Institute of Electrical and Electronics Engineers}
}

@inproceedings{yang2018bit,
  title={Bit Error Tolerance of a CIFAR-10 Binarized Convolutional Neural Network Processor},
  author={Yang, Lita and Bankman, Daniel and Moons, Bert and Verhelst, Marian and Murmann, Boris},
  booktitle={2018 IEEE International Symposium on Circuits and Systems (ISCAS)},
  pages={1--5},
  year={2018},
  organization={Institute of Electrical and Electronics Engineers}
}


@techreport{feng2016nested,
  author={Feng, Runhuan and Cui, Zhenyu and Li, Peng},
  title={Nested Stochastic Modeling for Insurance Companies},
  institution={Society of Actuaries},
  year={2016}
}

@techreport{geneva2013variable,
  title={Variable Annuities—An Analysis of Financial Stability},
  journal={The Geneva Association},
  author={{The Geneva Association}},
  year={2013},
  publisher={The Geneva Association},
  editor={Haefeli, Daniel},
  institution={The Geneva Association}
}

@article{kingma2014adam,
  title={Adam: A Method for Stochastic Optimization},
  author={Kingma, Diederik P and Ba, Jimmy},
  journal={arXiv preprint arXiv:1412.6980},
  year={2014},
  note={\url{https://arxiv.org/pdf/1412.6980.pdf}. Accessed 7$^{\textrm{th}}$ Sep 2023.}
}

@article{fonseca2003simulation,
  title={Simulation Metamodeling through Artificial Neural Networks},
  author={Fonseca, Daniel J and Navaresse, Daniel O and Moynihan, Gary P},
  journal={Engineering applications of artificial intelligence},
  volume={16},
  number={3},
  pages={177--183},
  year={2003},
  publisher={Elsevier}
}


# Model capacity and overfitting 

@article{caruana2000overfitting,
  title={Overfitting in neural nets: Backpropagation, conjugate gradient, and early stopping},
  author={Caruana, Rich and Lawrence, Steve and Giles, C},
  journal={Advances in neural information processing systems},
  volume={13},
  year={2000}
}

@article{jabbar2015methods,
  title={Methods to avoid over-fitting and under-fitting in supervised machine learning (comparative study)},
  author={Jabbar, H and Khan, Rafiqul Zaman},
  journal={Computer Science, Communication and Instrumentation Devices},
  volume={70},
  number={10.3850},
  pages={978--981},
  year={2015},
  publisher={Res. Publ Singapore}
}

@article{peng2020empirical,
  title={An empirical overview of nonlinearity and overfitting in machine learning using COVID-19 data},
  author={Peng, Yaohao and Nagata, Mateus Hiro},
  journal={Chaos, Solitons \& Fractals},
  volume={139},
  pages={110055},
  year={2020},
  publisher={Elsevier}
}

@article{lieu2022adaptive,
  title={An Adaptive Surrogate Model to Structural Reliability Analysis Using Deep Neural Network},
  author={Lieu, Qui X and Nguyen, Khoa T and Dang, Khanh D and Lee, Seunghye and Kang, Joowon and Lee, Jaehong},
  journal={Expert Systems with Applications},
  volume={189},
  pages={116104},
  year={2022},
  publisher={Elsevier}
}

@book{hardy2022quantitative,
  title={Quantitative enterprise risk management},
  author={Hardy, Mary R and Saunders, David},
  year={2022},
  publisher={Cambridge University Press}
}

@article{krizhevsky2012imagenet,
  title={Imagenet classification with deep convolutional neural networks},
  author={Krizhevsky, Alex and Sutskever, Ilya and Hinton, Geoffrey E},
  journal={Advances in neural information processing systems},
  volume={25},
  year={2012}
}

@article{devlin2018bert,
  title={Bert: Pre-training of deep bidirectional transformers for language understanding},
  author={Devlin, Jacob},
  journal={arXiv preprint arXiv:1810.04805},
  year={2018}
}

@article{brown2020language,
  title={Language models are few-shot learners},
  author={Brown, Tom B},
  journal={arXiv preprint arXiv:2005.14165},
  year={2020}
}