@article{stable-baselines3,
  author  = {Antonin Raffin and Ashley Hill and Adam Gleave and Anssi Kanervisto and Maximilian Ernestus and Noah Dormann},
  title   = {Stable-Baselines3: Reliable Reinforcement Learning Implementations},
  journal = {Journal of Machine Learning Research},
  year    = {2021},
  volume  = {22},
  number  = {268},
  pages   = {1-8},
  url     = {http://jmlr.org/papers/v22/20-1364.html}
}

@article{chong2023pseudo,
  title={Pseudo-model-free hedging for variable annuities via deep reinforcement learning},
  author={Chong, Wing Fung and Cui, Haoen and Li, Yuxuan},
  journal={Annals of Actuarial Science},
  volume={17},
  number={3},
  pages={503--546},
  year={2023},
  publisher={Cambridge University Press}
}

@article{ruf2022hedging,
  title={Hedging with linear regressions and neural networks},
  author={Ruf, Johannes and Wang, Weiguan},
  journal={Journal of Business \& Economic Statistics},
  volume={40},
  number={4},
  pages={1442--1454},
  year={2022},
  publisher={Taylor \& Francis}
}



@article{mnih2015human,
  title={Human-level control through deep reinforcement learning},
  author={Mnih, Volodymyr and Kavukcuoglu, Koray and Silver, David and Rusu, Andrei A and Veness, Joel and Bellemare, Marc G and Graves, Alex and Riedmiller, Martin and Fidjeland, Andreas K and Ostrovski, Georg and others},
  journal={nature},
  volume={518},
  number={7540},
  pages={529--533},
  year={2015},
  publisher={Nature Publishing Group}
}

@article{lin1992self,
  title={Self-improving reactive agents based on reinforcement learning, planning and teaching},
  author={Lin, Long-Ji},
  journal={Machine learning},
  volume={8},
  pages={293--321},
  year={1992},
  publisher={Springer}
}


@article{schulman2017proximal,
  title={Proximal policy optimization algorithms},
  author={Schulman, John and Wolski, Filip and Dhariwal, Prafulla and Radford, Alec and Klimov, Oleg},
  journal={arXiv preprint arXiv:1707.06347},
  year={2017}
}

@inproceedings{schulman2015trust,
  title={Trust region policy optimization},
  author={Schulman, John and Levine, Sergey and Abbeel, Pieter and Jordan, Michael and Moritz, Philipp},
  booktitle={International conference on machine learning},
  pages={1889--1897},
  year={2015},
  organization={PMLR}
}

@article{lillicrap2015continuous,
  title={Continuous control with deep reinforcement learning},
  author={Lillicrap, Timothy P and Hunt, Jonathan J and Pritzel, Alexander and Heess, Nicolas and Erez, Tom and Tassa, Yuval and Silver, David and Wierstra, Daan},
  journal={arXiv preprint arXiv:1509.02971},
  year={2015}
}

# Deep Hedging

@article{buehler2019deep,
  title={Deep hedging},
  author={Buehler, Hans and Gonon, Lukas and Teichmann, Josef and Wood, Ben},
  journal={Quantitative Finance},
  volume={19},
  number={8},
  pages={1271--1291},
  year={2019},
  publisher={Taylor \& Francis}
}

@article{imaki2021no,
  title={No-Transaction Band Network: A Neural Network Architecture for Efficient Deep Hedging},
  author={Imaki, Shota and Imajo, Kentaro and Ito, Katsuya and Minami, Kentaro and Nakagawa, Kei},
  journal={arXiv preprint arXiv:2103.01775},
  year={2021}
}

@article{kolm2019dynamic,
  title={Dynamic replication and hedging: A reinforcement learning approach},
  author={Kolm, Petter N and Ritter, Gordon},
  journal={The Journal of Financial Data Science},
  volume={1},
  number={1},
  pages={159--171},
  year={2019},
  publisher={Institutional Investor Journals Umbrella}
}

@article{giurca2021delta,
  title={Delta hedging of derivatives using deep reinforcement learning},
  author={Giurca, Alexandru and Borovkova, Svetlana},
  journal={Available at SSRN 3847272},
  year={2021}
}

@article{xu2022delta,
  title={Delta-Gamma-Like Hedging with Transaction Cost under Reinforcement Learning Technique},
  author={Xu, Wei and Dai, Bing},
  journal={The Journal of Derivatives},
  volume={29},
  number={5},
  pages={60--82},
  year={2022},
  publisher={Institutional Investor Journals Umbrella}
}

@inproceedings{xiao2021optimal,
  title={Optimal Option Hedging with Policy Gradient},
  author={Xiao, Bo and Yao, Wuguannan and Zhou, Xiang},
  booktitle={2021 International Conference on Data Mining Workshops (ICDMW)},
  pages={1112--1119},
  year={2021},
  organization={IEEE}
}

# Transfer Learning

@inproceedings{ng1999policy,
  title={Policy invariance under reward transformations: Theory and application to reward shaping},
  author={Ng, Andrew Y and Harada, Daishi and Russell, Stuart},
  booktitle={Icml},
  volume={99},
  pages={278--287},
  year={1999},
  organization={Citeseer}
}

@inproceedings{wiewiora2003principled,
  title={Principled methods for advising reinforcement learning agents},
  author={Wiewiora, Eric and Cottrell, Garrison W and Elkan, Charles},
  booktitle={Proceedings of the 20th international conference on machine learning (ICML-03)},
  pages={792--799},
  year={2003}
}

@inproceedings{harutyunyan2015expressing,
  title={Expressing arbitrary reward functions as potential-based advice},
  author={Harutyunyan, Anna and Devlin, Sam and Vrancx, Peter and Now{\'e}, Ann},
  booktitle={Proceedings of the AAAI conference on artificial intelligence},
  volume={29},
  year={2015}
}

@article{teh2017distral,
  title={Distral: Robust multitask reinforcement learning},
  author={Teh, Yee and Bapst, Victor and Czarnecki, Wojciech M and Quan, John and Kirkpatrick, James and Hadsell, Raia and Heess, Nicolas and Pascanu, Razvan},
  journal={Advances in neural information processing systems},
  volume={30},
  year={2017}
}

@inproceedings{andreas2017modular,
  title={Modular multitask reinforcement learning with policy sketches},
  author={Andreas, Jacob and Klein, Dan and Levine, Sergey},
  booktitle={International conference on machine learning},
  pages={166--175},
  year={2017},
  organization={PMLR}
}

@article{zhang2018decoupling,
  title={Decoupling dynamics and reward for transfer learning},
  author={Zhang, Amy and Satija, Harsh and Pineau, Joelle},
  journal={arXiv preprint arXiv:1804.10689},
  year={2018}
}

@article{carbonneau2021deep,
  title={Deep hedging of long-term financial derivatives},
  author={Carbonneau, Alexandre},
  journal={Insurance: Mathematics and Economics},
  volume={99},
  pages={327--340},
  year={2021},
  publisher={Elsevier}
}

@article{schulman2015high,
  title={High-dimensional continuous control using generalized advantage estimation},
  author={Schulman, John and Moritz, Philipp and Levine, Sergey and Jordan, Michael and Abbeel, Pieter},
  journal={arXiv preprint arXiv:1506.02438},
  year={2015}
}

@article{engstrom2020implementation,
  title={Implementation matters in deep policy gradients: A case study on ppo and trpo},
  author={Engstrom, Logan and Ilyas, Andrew and Santurkar, Shibani and Tsipras, Dimitris and Janoos, Firdaus and Rudolph, Larry and Madry, Aleksander},
  journal={arXiv preprint arXiv:2005.12729},
  year={2020}
}

@article{du2020deep,
  title={Deep reinforcement learning for option replication and hedging},
  author={Du, Jiayi and Jin, Muyang and Kolm, Petter N and Ritter, Gordon and Wang, Yixuan and Zhang, Bofei},
  journal={The Journal of Financial Data Science},
  volume={2},
  number={4},
  pages={44--57},
  year={2020},
  publisher={Portfolio Management Research}
}

@article{garleanu2013dynamic,
  title={Dynamic trading with predictable returns and transaction costs},
  author={G{\^a}rleanu, Nicolae and Pedersen, Lasse Heje},
  journal={The Journal of Finance},
  volume={68},
  number={6},
  pages={2309--2340},
  year={2013},
  publisher={Wiley Online Library}
}

@article{chen2020note,
  title={A note on portfolio optimization with quadratic transaction costs},
  author={Chen, Pierre and Lezmi, Edmond and Roncalli, Thierry and Xu, Jiali},
  journal={arXiv preprint arXiv:2001.01612},
  year={2020}
}

@article{brockman2016openai,
  title={Openai gym},
  author={Brockman, Greg and Cheung, Vicki and Pettersson, Ludwig and Schneider, Jonas and Schulman, John and Tang, Jie and Zaremba, Wojciech},
  journal={arXiv preprint arXiv:1606.01540},
  year={2016}
}

@article{paszke2019pytorch,
  title={Pytorch: An imperative style, high-performance deep learning library},
  author={Paszke, Adam and Gross, Sam and Massa, Francisco and Lerer, Adam and Bradbury, James and Chanan, Gregory and Killeen, Trevor and Lin, Zeming and Gimelshein, Natalia and Antiga, Luca and others},
  journal={Advances in neural information processing systems},
  volume={32},
  year={2019}
}

@article{moerland2023model,
  title={Model-based reinforcement learning: A survey},
  author={Moerland, Thomas M and Broekens, Joost and Plaat, Aske and Jonker, Catholijn M and others},
  journal={Foundations and Trends{\textregistered} in Machine Learning},
  volume={16},
  number={1},
  pages={1--118},
  year={2023},
  publisher={Now Publishers, Inc.}
}

@book{sutton2018reinforcement,
  title={Reinforcement learning: An introduction},
  author={Sutton, Richard S and Barto, Andrew G},
  year={2018},
  publisher={MIT press}
}

@phdthesis{xu2020variable,
  title={Variable annuity guaranteed benefits: An integrated study of financial modelling, actuarial valuation and deep learning},
  author={Xu, Xiao},
  year={2020},
  school={UNSW Sydney}
}

@article{horvath2021deep,
  title={Deep hedging under rough volatility},
  author={Horvath, Blanka and Teichmann, Josef and {\v{Z}}uri{\v{c}}, {\v{Z}}an},
  journal={Risks},
  volume={9},
  number={7},
  pages={138},
  year={2021},
  publisher={MDPI}
}

@incollection{gatheral2022volatility,
  title={Volatility is rough},
  author={Gatheral, Jim and Jaisson, Thibault and Rosenbaum, Mathieu},
  booktitle={Commodities},
  pages={659--690},
  year={2022},
  publisher={Chapman and Hall/CRC}
}

@article{ni2021recurrent,
  title={Recurrent model-free rl can be a strong baseline for many pomdps},
  author={Ni, Tianwei and Eysenbach, Benjamin and Salakhutdinov, Ruslan},
  journal={arXiv preprint arXiv:2110.05038},
  year={2021}
}

@article{hasbrouck1991measuring,
  title={Measuring the information content of stock trades},
  author={Hasbrouck, Joel},
  journal={The Journal of Finance},
  volume={46},
  number={1},
  pages={179--207},
  year={1991},
  publisher={Wiley Online Library}
}



@article{cont2001empirical,
  title={Empirical properties of asset returns: stylized facts and statistical issues},
  author={Cont, Rama},
  journal={Quantitative finance},
  volume={1},
  number={2},
  pages={223},
  year={2001},
  publisher={IOP Publishing}
}

@article{pan2009survey,
  title={A survey on transfer learning},
  author={Pan, Sinno Jialin and Yang, Qiang},
  journal={IEEE Transactions on knowledge and data engineering},
  volume={22},
  number={10},
  pages={1345--1359},
  year={2009},
  publisher={IEEE}
}

@article{yosinski2014transferable,
  title={How transferable are features in deep neural networks?},
  author={Yosinski, Jason and Clune, Jeff and Bengio, Yoshua and Lipson, Hod},
  journal={Advances in neural information processing systems},
  volume={27},
  year={2014}
}

@article{sutton1999policy,
  title={Policy gradient methods for reinforcement learning with function approximation},
  author={Sutton, Richard S and McAllester, David and Singh, Satinder and Mansour, Yishay},
  journal={Advances in neural information processing systems},
  volume={12},
  year={1999}
}

@inproceedings{bengio2012deep,
  title={Deep learning of representations for unsupervised and transfer learning},
  author={Bengio, Yoshua},
  booktitle={Proceedings of ICML workshop on unsupervised and transfer learning},
  pages={17--36},
  year={2012},
  organization={JMLR Workshop and Conference Proceedings}
}
@article{rusu2015policy,
  title={Policy distillation},
  author={Rusu, Andrei A and Colmenarejo, Sergio Gomez and Gulcehre, Caglar and Desjardins, Guillaume and Kirkpatrick, James and Pascanu, Razvan and Mnih, Volodymyr and Kavukcuoglu, Koray and Hadsell, Raia},
  journal={arXiv preprint arXiv:1511.06295},
  year={2015}
}

@article{caruana1997multitask,
  title={Multitask learning},
  author={Caruana, Rich},
  journal={Machine learning},
  volume={28},
  pages={41--75},
  year={1997},
  publisher={Springer}
}

@article{ahmed2016survey,
  title={A survey of network anomaly detection techniques},
  author={Ahmed, Mohiuddin and Mahmood, Abdun Naser and Hu, Jiankun},
  journal={Journal of Network and Computer Applications},
  volume={60},
  pages={19--31},
  year={2016},
  publisher={Elsevier}
}

@inproceedings{cheng2019fast,
  title={Fast valuation of large portfolios of variable annuities via transfer learning},
  author={Cheng, Xiaojuan and Luo, Wei and Gan, Guojun and Li, Gang},
  booktitle={PRICAI 2019: Trends in Artificial Intelligence: 16th Pacific Rim International Conference on Artificial Intelligence, Cuvu, Yanuca Island, Fiji, August 26-30, 2019, Proceedings, Part III 16},
  pages={716--728},
  year={2019},
  organization={Springer}
}


@article{jeong2019improving,
  title={Improving financial trading decisions using deep Q-learning: Predicting the number of shares, action strategies, and transfer learning},
  author={Jeong, Gyeeun and Kim, Ha Young},
  journal={Expert Systems with Applications},
  volume={117},
  pages={125--138},
  year={2019},
  publisher={Elsevier}
}

@article{yan2024comprehensive,
  title={A comprehensive survey of deep transfer learning for anomaly detection in industrial time series: Methods, applications, and directions},
  author={Yan, Peng and Abdulkadir, Ahmed and Luley, Paul-Philipp and Rosenthal, Matthias and Schatte, Gerrit A and Grewe, Benjamin F and Stadelmann, Thilo},
  journal={IEEE Access},
  year={2024},
  publisher={IEEE}
}

@article{lebichot2021transfer,
  title={Transfer learning strategies for credit card fraud detection},
  author={Lebichot, Bertrand and Verhelst, Theo and Le Borgne, Yann-Ael and He-Guelton, Liyun and Oble, Frederic and Bontempi, Gianluca},
  journal={IEEE access},
  volume={9},
  pages={114754--114766},
  year={2021},
  publisher={IEEE}
}

@article{bollerslev1990modelling,
  title={Modelling the coherence in short-run nominal exchange rates: a multivariate generalized ARCH model},
  author={Bollerslev, Tim},
  journal={The review of economics and statistics},
  pages={498--505},
  year={1990},
  publisher={JSTOR}
}

@article{box1970distribution,
  title={Distribution of residual autocorrelations in autoregressive-integrated moving average time series models},
  author={Box, George EP and Pierce, David A},
  journal={Journal of the American statistical Association},
  volume={65},
  number={332},
  pages={1509--1526},
  year={1970},
  publisher={Taylor \& Francis}
}

@article{hamilton1989new,
  title={A new approach to the economic analysis of nonstationary time series and the business cycle},
  author={Hamilton, James D},
  journal={Econometrica: Journal of the econometric society},
  pages={357--384},
  year={1989},
  publisher={JSTOR}
}

@book{embrechts2013modelling,
  title={Modelling extremal events: for insurance and finance},
  author={Embrechts, Paul and Kl{\"u}ppelberg, Claudia and Mikosch, Thomas},
  volume={33},
  year={2013},
  publisher={Springer Science \& Business Media}
}

@article{golestaneh2024many,
  title={How many samples are needed to train a deep neural network?},
  author={Golestaneh, Pegah and Taheri, Mahsa and Lederer, Johannes},
  journal={arXiv preprint arXiv:2405.16696},
  year={2024}
}