@book{glasserman2004monte,
  title={Monte Carlo methods in financial engineering},
  author={Glasserman, Paul},
  volume={53},
  year={2004},
  publisher={Springer}
}

@article{gordy2010nested,
  title={Nested simulation in portfolio risk measurement},
  author={Gordy, Michael B and Juneja, Sandeep},
  journal={Management Science},
  volume={56},
  number={10},
  pages={1833--1848},
  year={2010},
  publisher={INFORMS}
}

@article{broadie2015risk,
  title={Risk estimation via regression},
  author={Broadie, Mark and Du, Yiping and Moallemi, Ciamac C},
  journal={Operations Research},
  volume={63},
  number={5},
  pages={1077--1097},
  year={2015},
  publisher={INFORMS}
}
@article{hong2017kernel,
  title={Kernel smoothing for nested estimation with application to portfolio risk measurement},
  author={Hong, Jeff L and Juneja, Sandeep and Liu, Guangwu},
  journal={Operations Research},
  volume={65},
  number={3},
  pages={657--673},
  year={2017},
  publisher={INFORMS}
}

@article{feng2020optimal,
  title={Optimal nested simulation experiment design via likelihood ratio method},
  author={Feng, Mingbin and Song, Eunhye},
  journal={arXiv preprint arXiv:2008.13087},
  year={2020}
}

@article{zhang2021bootstrap,
  title={Bootstrap-based budget allocation for nested simulation},
  author={Zhang, Kun and Liu, Guangwu and Wang, Shiyu},
  journal={Operations Research},
  year={2021},
  publisher={INFORMS}
}

@article{zhang2022sample,
  title={Sample recycling for nested simulation with application in portfolio risk measurement},
  author={Zhang, Kun and Feng, Mingbin and Liu, Guangwu and Wang, Shiyu},
  journal={arXiv preprint arXiv:2203.15929},
  year={2022}
}

@article{wang2022smooth,
  title={Smooth nested simulation: bridging cubic and square root convergence rates in high dimensions},
  author={Wang, Wenjia and Wang, Yanyuan and Zhang, Xiaowei},
  journal={arXiv preprint arXiv:2201.02958},
  year={2022}
}

@book{hardle1990applied,
  title={Applied nonparametric regression},
  author={H{\"a}rdle, Wolfgang},
  year={1990},
  publisher={Cambridge university press}
}

@article{giles2015multilevel,
  title={Multilevel monte carlo methods},
  author={Giles, Michael B},
  journal={Acta numerica},
  volume={24},
  pages={259--328},
  year={2015},
  publisher={Cambridge University Press}
}

@article{giles2019multilevel,
  title={Multilevel nested simulation for efficient risk estimation},
  author={Giles, Michael B and Haji-Ali, Abdul-Lateef},
  journal={SIAM/ASA Journal on Uncertainty Quantification},
  volume={7},
  number={2},
  pages={497--525},
  year={2019},
  publisher={SIAM}
}

@article{jennen1988unifying,
  title={A unifying approach to nonparametric regression estimation},
  author={Jennen-Steinmetz, Christine and Gasser, Theo},
  journal={Journal of the American Statistical Association},
  volume={83},
  number={404},
  pages={1084--1089},
  year={1988},
  publisher={Taylor \& Francis}
}

@article{mack1981local,
  title={Local properties of k-NN regression estimates},
  author={Mack, Yue-Pok},
  journal={SIAM Journal on Algebraic Discrete Methods},
  volume={2},
  number={3},
  pages={311--323},
  year={1981},
  publisher={SIAM}
}

@article{stothers2010complexity,
  title={On the complexity of matrix multiplication},
  author={Stothers, Andrew James},
  journal={Edinburgh Research Archive},
  year={2010},
  publisher={The University of Edinburgh}
}

@article{strassen1969gaussian,
  title={Gaussian elimination is not optimal},
  author={Strassen, Volker},
  journal={Numerische mathematik},
  volume={13},
  number={4},
  pages={354--356},
  year={1969},
  publisher={Springer}
}

@inproceedings{coppersmith1987matrix,
  title={Matrix multiplication via arithmetic progressions},
  author={Coppersmith, Don and Winograd, Shmuel},
  booktitle={Proceedings of the nineteenth annual ACM symposium on Theory of computing},
  pages={1--6},
  year={1987}
}

@inproceedings{kim2008ratio,
  title={Ratio based stable in-place merging},
  author={Kim, Pok-Son and Kutzner, Arne},
  booktitle={International Conference on Theory and Applications of Models of Computation},
  pages={246--257},
  year={2008},
  organization={Springer}
}

@book{scholkopf2002learning,
  title={Learning with kernels: support vector machines, regularization, optimization, and beyond},
  author={Sch{\"o}lkopf, Bernhard and Smola, Alexander J},
  year={2002},
  publisher={MIT press}
}

@article{shahriari2015taking,
  title={Taking the human out of the loop: A review of Bayesian optimization},
  author={Shahriari, Bobak and Swersky, Kevin and Wang, Ziyu and Adams, Ryan P and De Freitas, Nando},
  journal={Proceedings of the IEEE},
  volume={104},
  number={1},
  pages={148--175},
  year={2015},
  publisher={IEEE}
}

@inproceedings{barton1998simulation,
  title={Simulation metamodels},
  author={Barton, Russell R},
  booktitle={1998 Winter Simulation Conference. Proceedings (Cat. No. 98CH36274)},
  volume={1},
  pages={167--174},
  year={1998},
  organization={IEEE}
}

@incollection{frazier2018bayesian,
  title={Bayesian optimization},
  author={Frazier, Peter I},
  booktitle={Recent advances in optimization and modeling of contemporary problems},
  pages={255--278},
  year={2018},
  publisher={Informs}
}

@article{bentley1975multidimensional,
  title={Multidimensional binary search trees used for associative searching},
  author={Bentley, Jon Louis},
  journal={Communications of the ACM},
  volume={18},
  number={9},
  pages={509--517},
  year={1975},
  publisher={ACM New York, NY, USA}
}

@article{scikit-learn,
  title={Scikit-learn: Machine Learning in {P}ython},
  author={Pedregosa, F. and Varoquaux, G. and Gramfort, A. and Michel, V.
          and Thirion, B. and Grisel, O. and Blondel, M. and Prettenhofer, P.
          and Weiss, R. and Dubourg, V. and Vanderplas, J. and Passos, A. and
          Cournapeau, D. and Brucher, M. and Perrot, M. and Duchesnay, E.},
  journal={Journal of Machine Learning Research},
  volume={12},
  pages={2825--2830},
  year={2011}
}

@article{nystrom1930praktische,
  title={{\"U}ber die praktische Aufl{\"o}sung von Integralgleichungen mit Anwendungen auf Randwertaufgaben},
  author={Nystr{\"o}m, Evert J},
  journal={Acta Mathematica},
  year={1930}
}